@article{hilbe2015partners,
  title={Partners or rivals? Strategies for the iterated prisoner’s dilemma},
  author={Hilbe, C. and Traulsen, A. and Sigmund, K.},
  journal={Games and Economic Behavior},
  volume={92},
  pages={41--52},
  year={2015},
  publisher={Elsevier},
  doi={10.1016/j.geb.2015.05.0051}
}

@article{stewart2014collapse,
  title={The collapse of cooperation in evolving games},
  author={Stewart, A. J. and Plotkin, J. B.},
  journal={ArXiv.Org},
  year={2014},
  note={https://doi.org/10.1073/pnas.1408618111}
}

@article{axelrod1980effective,
  title={Effective Choice in the Prisoner’s Dilemma},
  author={Axelrod, R.},
  journal={The Journal of Conflict Resolution},
  volume={24},
  number={1},
  pages={3--25},
  year={1980},
  publisher={SAGE Publications},
  doi={10.1177/002200278002400101}
}

@article{slany2006winning,
  title={On some winning strategies for the Iterated Prisoner’s Dilemma or Mr. Nice Guy and the Cosa Nostra},
  author={Slany, W. and Kienreich, W.},
  journal={ArXiv.Org},
  year={2006},
  note={https://doi.org/10.48550/arxiv.0609017}
}

@article{yao1996evolutionary,
  title={Evolutionary stability in the n-person iterated prisoner’s dilemma},
  author={Yao, X.},
  journal={BioSystems},
  volume={37},
  number={3},
  pages={189--197},
  year={1996},
  publisher={Elsevier},
  doi={10.1016/0303-2647(95)01558-2}
}

@article{li2009strategy,
  title={A Strategy with Novel Evolutionary Features for the Iterated Prisoner’s Dilemma},
  author={Li, J. and Kendall, G.},
  journal={Evolutionary Computation},
  volume={17},
  number={2},
  pages={257--274},
  year={2009},
  publisher={MIT Press},
  doi={10.1162/evco.2009.17.2.257}
}

